@ARTICLE{2014grammar-foreign-language,
   author = {{Vinyals}, O. and {Kaiser}, L. and {Koo}, T. and {Petrov}, S. and 
	{Sutskever}, I. and {Hinton}, G.},
    title = "{Grammar as a Foreign Language}",
  journal = {ArXiv e-prints},
archivePrefix = "arXiv",
   eprint = {1412.7449},
 primaryClass = "cs.CL",
 keywords = {Computer Science - Computation and Language, Computer Science - Learning, Statistics - Machine Learning},
     year = 2014,
    month = dec,
   adsurl = {http://adsabs.harvard.edu/abs/2014arXiv1412.7449V},
  adsnote = {Provided by the SAO/NASA Astrophysics Data System}
}
@ARTICLE{2015structured-inf-context,
   author = {{Shareghi}, E. and {Haffari}, G. and {Cohn}, T. and {Nicholson}, A.
	},
    title = "{Structured Prediction of Sequences and Trees using Infinite Contexts}",
  journal = {ArXiv e-prints},
archivePrefix = "arXiv",
   eprint = {1503.02417},
 primaryClass = "cs.LG",
 keywords = {Computer Science - Learning, Computer Science - Computation and Language},
     year = 2015,
    month = mar,
   adsurl = {http://adsabs.harvard.edu/abs/2015arXiv150302417S},
  adsnote = {Provided by the SAO/NASA Astrophysics Data System}
}
@PhdThesis{daume06thesis,
  author =       {Hal {Daum\'e III}},
  title =        {Practical Structured Learning Techniques for Natural Language Processing},
  school =       {University of Southern California},
  year =         {2006},
  address =      {Los Angeles, CA},
  month =        {August},
  keywords = {sp nlp ml},
  tagline = {},
  url =          {http://pub.hal3.name/#daume06thesis}
}
@article{mnih2015human,
  title={Human-level control through deep reinforcement learning},
  author={Mnih, Volodymyr and Kavukcuoglu, Koray and Silver, David and Rusu, Andrei A and Veness, Joel and Bellemare, Marc G and Graves, Alex and Riedmiller, Martin and Fidjeland, Andreas K and Ostrovski, Georg and others},
  journal={Nature},
  volume={518},
  number={7540},
  pages={529--533},
  year={2015},
  publisher={Nature Publishing Group}
}
@ARTICLE{2015show-attend-tell,
   author = {{Xu}, K. and {Ba}, J. and {Kiros}, R. and {Cho}, K. and {Courville}, A. and 
	{Salakhutdinov}, R. and {Zemel}, R. and {Bengio}, Y.},
    title = "{Show, Attend and Tell: Neural Image Caption Generation with Visual Attention}",
  journal = {ArXiv e-prints},
archivePrefix = "arXiv",
   eprint = {1502.03044},
 primaryClass = "cs.LG",
 keywords = {Computer Science - Learning, Computer Science - Computer Vision and Pattern Recognition},
     year = 2015,
    month = feb,
   adsurl = {http://adsabs.harvard.edu/abs/2015arXiv150203044X},
  adsnote = {Provided by the SAO/NASA Astrophysics Data System}
}
@inproceedings{bingel2016text,
  title={Text Simplification as Tree Labeling},
  author={Bingel, Joachim and S{\o}gaard, Anders},
  booktitle={The 54th Annual Meeting of the Association for Computational Linguistics},
  pages={337},
  year={2016}
}
@inproceedings{eisenstein:2013:bad,
  title = {What to do about bad language on the internet},
  author = {Jacob Eisenstein},
  year = 2013,
  booktitle = {NAACL},
}
@article{han:baldwin:2013,
  title={Lexical normalization for social media text},
  author={Han, Bo and Cook, Paul and Baldwin, Timothy},
  journal={ACM Transactions on Intelligent Systems and Technology (TIST)},
  volume={4},
  number={1},
  pages={5},
  year={2013},
  publisher={ACM}
}
@article{UDLREC,
  title={Universal Dependencies v1: A Multilingual Treebank Collection},
  author = {Nivre, Joakim and de Marneffe, Marie-Catherine and Ginter, Filip and Goldberg, Yoav and Haji{\v c}, Jan and  Manning, Christopher D. and McDonald, Ryan and Petrov, Slav and Pyysalo, Sampo and Silveira, Natalia and Tsarfaty, Reut and Zeman, Daniel},
  journal={LREC},
  year={2016}
}
@inproceedings{plank:2016:konvens,
  title = {{What to do about non-standard (or non-canonical) language in NLP}},
  author = {Barbara Plank},
  year = 2016,
  booktitle = {{To appear in KONVENS}}
}
@inproceedings{daume:2007,
        Author = {{Daume III}, Hal},
        Booktitle = {Proceedings of ACL},
        Title = {{Frustratingly easy domain adaptation}},
        Year = {2007}}

@article{weiss2016survey,
  title={A survey of transfer learning},
  author={Weiss, Karl and Khoshgoftaar, Taghi M and Wang, DingDing},
  journal={Journal of Big Data},
  volume={3},
  number={1},
  pages={1--40},
  year={2016},
  publisher={Springer}
}
@article{goldberg-primer,
  author    = {Yoav Goldberg},
  title     = {A Primer on Neural Network Models for Natural Language Processing},
  journal   = {ArXiv},
  volume    = {abs/1510.00726},
  year      = {2015},
}