../lecture-01-introduction/refs.bib